<record><leader>00000cas a2200000 a 4500</leader><controlfield tag="001">11946147</controlfield><controlfield tag="008">850422d18981910ksuwr ne      0    0eng d</controlfield><datafield ind1=" " ind2=" " tag="010"><subfield code="a">sn 85031250 </subfield></datafield><datafield ind1=" " ind2=" " tag="040"><subfield code="a">KSH</subfield><subfield code="b">eng</subfield><subfield code="c">KSH</subfield><subfield code="d">NPT</subfield><subfield code="d">OCL</subfield><subfield code="d">OCLCQ</subfield></datafield><datafield ind1=" " ind2=" " tag="042"><subfield code="a">msc</subfield></datafield><datafield ind1="0" ind2=" " tag="130"><subfield code="a">Monitor (Richfield, Kan.)</subfield></datafield><datafield ind1="1" ind2="4" tag="245"><subfield code="a">The monitor.</subfield></datafield><datafield ind1=" " ind2=" " tag="260"><subfield code="a">Richfield, Kan. :</subfield><subfield code="b">Ernest C. Wilson,</subfield><subfield code="c">1898-1910.</subfield></datafield><datafield ind1=" " ind2=" " tag="300"><subfield code="a">12 v. ;</subfield><subfield code="c">31 cm.</subfield></datafield><datafield ind1=" " ind2=" " tag="310"><subfield code="a">Weekly</subfield></datafield><datafield ind1="0" ind2=" " tag="362"><subfield code="a">Vol. 12, no. 31 (Nov. 4, 1898)-Feb. 19, 1910.</subfield></datafield><datafield ind1=" " ind2=" " tag="500"><subfield code="a">Published by: Estella Wilson, Mar. 24, 1900-Jan. 2, 1909; W.M. Johnson, Jan. 9-Oct. 2, 1909; Estella Wilson, Oct. 9-Nov. 27, 1909.</subfield></datafield><datafield ind1=" " ind2=" " tag="515"><subfield code="a">Numbering is irregular.</subfield></datafield><datafield ind1=" " ind2=" " tag="752"><subfield code="a">United States</subfield><subfield code="b">Kansas</subfield><subfield code="c">Morton</subfield><subfield code="d">Richfield.</subfield></datafield><datafield ind1="0" ind2="0" tag="780"><subfield code="t">Monitor-republic</subfield><subfield code="w">(DLC)sn 85031249</subfield></datafield><datafield ind1="0" ind2="0" tag="785"><subfield code="t">Richfield monitor</subfield><subfield code="w">(DLC)sn 85031251</subfield></datafield></record>